@book{cussler, 
author = "E.L. Cussler", 
Title = "Diffusion: Mass Transfer In Fluid Systems", 
publisher = "Cambridge", 
YEAR = 2009, 
} 


@book{deen, 
author = "William M. Deen", 
Title = "Analysis Of Transport Phenomena", 
publisher = "Oxford University Press", 
YEAR = 1998, 
} 

@book{bird, 
author = "R. Byron Bird, Warren E. Steward, Edwin N. Lightfoot", 
Title = "Transport Phenomena", 
publisher = "John Wiley & Sons, Inc", 
YEAR = 2001, 
} 


@article{doi:10.1002/andp.19053220806,
author = {Einstein, A.},
title = {Über die von der molekularkinetischen Theorie der Wärme geforderte Bewegung von in ruhenden Flüssigkeiten suspendierten Teilchen},
journal = {Annalen der Physik},
volume = {322},
number = {8},
pages = {549-560},
doi = {10.1002/andp.19053220806},
url = {https://onlinelibrary.wiley.com/doi/abs/10.1002/andp.19053220806},
eprint = {https://onlinelibrary.wiley.com/doi/pdf/10.1002/andp.19053220806},
year = {1905}
}


@book{leveque, 
author = "Randall J. LeVeque", 
Title = "Numerical Methods in Engeneering With Python 3", 
publisher = "Cambridge", 
YEAR = 2007, 
} 

@book{kiusalaas, 
author = "Jaan Kiusalaas", 
Title = "Finite Difference Methods for Ordinary and Partial Differential Equations", 
publisher = "SIAM", 
YEAR = 2007, 
} 


@book{schlesinger, 
author = "Mark E. Schlesinger, Mathew J. King, Kathrin C. Sole, William G. Davenport", 
Title = "Extractive Metallurgy Of Copper", 
publisher = "ELSEVIER", 
YEAR = 2011, 
} 

@book{schlesinger, 
author = "Mark E. Schlesinger, Mathew J. King, Kathrin C. Sole, William G. Davenport", 
Title = "Extractive Metallurgy Of Copper", 
publisher = "ELSEVIER", 
YEAR = 2011, 
} 

@article{fick,
author = {Fick, Adolf},
title = {Ueber Diffusion},
journal = {Annalen der Physik},
volume = {170},
number = {1},
pages = {59-86},
doi = {10.1002/andp.18551700105},
url = {https://onlinelibrary.wiley.com/doi/abs/10.1002/andp.18551700105},
eprint = {https://onlinelibrary.wiley.com/doi/pdf/10.1002/andp.18551700105},
year = {1855}
}