@book{cussler, 
author = {E.L. Cussler}, 
Title = {Diffusion: Mass Transfer In Fluid Systems}, 
publisher = {Cambridge}, 
YEAR = 2009, 
} 


@book{deen, 
author = {William M. Deen}, 
Title = {Analysis Of Transport Phenomena}, 
publisher = {Oxford University Press}, 
YEAR = 1998, 
} 

@book{bird, 
author = {R. Byron Bird, Warren E. Steward, Edwin N. Lightfoot}, 
Title = {Transport Phenomena},
publisher = {John Wiley and Sons, Inc}, 
YEAR = 2001, 
} 


@article{einstein,
author = {Einstein, A.},
title = {Über die von der molekularkinetischen Theorie der Wärme geforderte Bewegung von in ruhenden Flüssigkeiten suspendierten Teilchen},
journal = {Annalen der Physik},
volume = {322},
number = {8},
pages = {549-560},
doi = {10.1002/andp.19053220806},
url = {https://onlinelibrary.wiley.com/doi/abs/10.1002/andp.19053220806},
eprint = {https://onlinelibrary.wiley.com/doi/pdf/10.1002/andp.19053220806},
year = {1905}
}


@book{leveque, 
author = {Randall J. LeVeque}, 
Title = {Numerical Methods in Engeneering With Python 3}, 
publisher = {Cambridge}, 
YEAR = 2007, 
} 

@book{kiusalaas, 
author = {Jaan Kiusalaas}, 
Title = {Finite Difference Methods for Ordinary and Partial Differential Equations}, 
publisher = {SIAM}, 
YEAR = 2007, 
} 


@book{schlesinger, 
author = {Mark E. Schlesinger, Mathew J. King, Kathrin C. Sole, William G. Davenport}, 
Title = {Extractive Metallurgy Of Copper}, 
publisher = {ELSEVIER}, 
YEAR = 2011, 
} 

@book{schlesinger, 
author = {Mark E. Schlesinger, Mathew J. King, Kathrin C. Sole, William G. Davenport}, 
Title = {Extractive Metallurgy Of Copper}, 
publisher = {ELSEVIER}, 
YEAR = 2011, 
} 

@article{fick,
author = {Fick, Adolf},
title = {Ueber Diffusion},
journal = {Annalen der Physik},
volume = {170},
number = {1},
pages = {59-86},
doi = {10.1002/andp.18551700105},
url = {https://onlinelibrary.wiley.com/doi/abs/10.1002/andp.18551700105},
eprint = {https://onlinelibrary.wiley.com/doi/pdf/10.1002/andp.18551700105},
year = {1855}
}


@article{langevin_translation,
author = {Lemons,Don S.  and Gythiel,Anthony },
title = {Paul Langevin’s 1908 paper “On the Theory of Brownian Motion” [“Sur la théorie du mouvement brownien,” C. R. Acad. Sci. (Paris) 146, 530–533 (1908)]},
journal = {American Journal of Physics},
volume = {65},
number = {11},
pages = {1079-1081},
year = {1997},
doi = {10.1119/1.18725},

URL = { 
        https://doi.org/10.1119/1.18725
    
},
eprint = { 
        https://doi.org/10.1119/1.18725
    
}

}

@Book{langevin_original,
  title = "Sur la théorie du mouvement brownien",
  author = "Paul Langevin",
  url = "https://fr.wikisource.org/wiki/Sur_la_th%C3%A9orie_du_mouvement_brownien",
}


@inbook{leveque_ch1,

title = {1. Finite Difference Approximations},
booktitle = {Finite Difference Methods for Ordinary and Partial Differential Equations},
chapter = {},
pages = {3-11},
doi = {10.1137/1.9780898717839.ch1},
URL = {https://epubs.siam.org/doi/abs/10.1137/1.9780898717839.ch1},
eprint = {https://epubs.siam.org/doi/pdf/10.1137/1.9780898717839.ch1}
}

@article{fick,
author = { Dr.   Adolph   Fick },
title = {V. On liquid diffusion},
journal = {The London, Edinburgh, and Dublin Philosophical Magazine and Journal of Science},
volume = {10},
number = {63},
pages = {30-39},
year  = {1855},
publisher = {Taylor & Francis},
doi = {10.1080/14786445508641925},

URL = { 
        https://doi.org/10.1080/14786445508641925
    
},
eprint = { 
        https://doi.org/10.1080/14786445508641925
    
}

}


THE ADSORPTION OF GASES ON PLANE SURFACES OF GLASS, MICA AND PLATINUM.





@article{langmuir,
author = {Langmuir, Irving},
title = {The Adsorption Of Gases On Plane Surfaces Of Glass, Mica And Platinum.},
journal = {Journal of the American Chemical Society},
volume = {40},
number = {9},
pages = {1361-1403},
year = {1918},
doi = {10.1021/ja02242a004},

URL = { 
        https://doi.org/10.1021/ja02242a004
    
},
eprint = { 
        https://doi.org/10.1021/ja02242a004
    
}

}


}


