@Article{Dolde2011,
author={Dolde, F.
and Fedder, H.
and Doherty, M. W.
and N{\"o}bauer, T.
and Rempp, F.
and Balasubramanian, G.
and Wolf, T.
and Reinhard, F.
and Hollenberg, L. C. L.
and Jelezko, F.
and Wrachtrup, J.},
title={Electric-field sensing using single diamond spins},
journal={Nature Physics},
year={2011},
month={Apr},
day={17},
publisher={Nature Publishing Group SN  -},
volume={7},
pages={459 EP  -},
url={https://doi.org/10.1038/nphys1969}
}


@ARTICLE{2008NaturMaze,
   author = {{Maze}, J.~R. and {Stanwix}, P.~L. and {Hodges}, J.~S. and {Hong}, S. and 
	{Taylor}, J.~M. and {Cappellaro}, P. and {Jiang}, L. and {Dutt}, M.~V.~G. and 
	{Togan}, E. and {Zibrov}, A.~S. and {Yacoby}, A. and {Walsworth}, R.~L. and 
	{Lukin}, M.~D.},
    title = "{Nanoscale magnetic sensing with an individual electronic spin in diamond}",
  journal = {\nat},
     year = 2008,
    month = oct,
   volume = 455,
    pages = {644-647},
      doi = {10.1038/nature07279},
   adsurl = {http://adsabs.harvard.edu/abs/2008Natur.455..644M},
  adsnote = {Provided by the SAO/NASA Astrophysics Data System}
}

